@misc{smcube,
    title={{SMCube}},
    howpublished={ \url{http://erika.tuxfamily.org/drupal/sm-cube.html}}
}

@misc{scicos,
    title={{Scicos}},
    howpublished={ \url{http://www.scicos.org/}}
}